@Book{Lam92,
author = {Lamport, L.},
title = {LaTeX system przygotowywania dokumentów},
publisher = {Wydawnictwo Ariel},
year = {1992},
address = {Kraków},

langid = {polish},
}

@Book{Dil00,
author = {Diller, A.},
title = {LaTeX wiersz po wierszu},
publisher = {Wydawnictwo Helion},
year = {2000},
address = {Gliwice},

langid = {polish},
}


@Manual{ARM06,
title = {Ada Reference Manual {ISO}/{IEC} 8652:200y({E}) {E}d. 3},
organization = {Ada Europe},
year = {2006}
}

@Article{BuDo03,
author = {Burns, A. and Dobbing, B.},
title = {The {R}avenscar {P}rofile for Real--Time and High Integrity Systems},
journal = {Cross{T}alk},
year = {2003},
volume = {16},
number = {11},
pages = {9--12}
}



@InProceedings{PeDa04,
author = {Peleska, J. and Große, D. and Haxthausen, A. E. and Drechsler, R.},
title = {Automated Verification for Train Control Systems},
booktitle = {Proc. of the 5th Symposium on Formal Methods for Automation and Safety in Railway and Automotive Systems (FORMS/FORMAT 2004)},
year = {2004},
pages = {252--265},
address = {Braunschweig, Germany},
month = {December}
}

@TechReport{BuDoVa03,
author = {Burns, A. and Dobbing, B. and Vardanega, T.},
title = {Guide for the Use of the Ada Ravenscar Profile in High Integrity Systems},
institution = {University of York},
year = {2003},
number = {YCS-2003-348}
}



@manual{Alvis2011,
	organization = {AGH University of Science and Technology},
	year = {2011},
	title = {{On Line Alvis Manual}},
	note = {\\\texttt{http://fm.ia.agh.edu.pl/alvis:manual}},
	author = {Szpyrka, M.},

	langid = {english},
}



@misc{shimanoHistory,
  author = {Shimano Company},
  title = {{Company History}},
  howpublished = "\url{http://www.shimano.com/content/Corporate/english/index/portal-site/history1.html/}",
}

@misc{bikeWorld,
  author = {BikeWorld.pl},
  title = {{SRAM RED ETAP}},
  howpublished = "\url{http://portal.bikeworld.pl/artykul/testy_i_nowosci/nowosci_sprzetowe/14547/sram_red_etap}",
  year = {2015}, 
}

@Book{maszyny1,
author = {Rutkowski, Andrzej},
title = {Części Maszyn},
publisher = {Wydawnictwo WSiP},
year = {1986},
address = {Warszawa},
number = {str. 250-252},
langid = {polish},
}

@Book{grega,
author = {Grega, Wojciech},
title = {Metody i algorytmy sterowania cyfrowego w układach scentralizowanych i rozproszonych},
publisher = {Wydawnictwa AGH},
year = {2004},
address = {Kraków},
number = {str. 73},
langid = {polish},
}

@Book{zamknietyB,
author = {Byrstki, Witold},
title = {Obserwacja i sterowanie w systemach dynamicznych},
publisher = {Wydawnictwa AGH},
year = {2007},
address = {Kraków},
number = {str. 199},
langid = {polish},
}

@Book{przekladnie,
author = {Olsza, Marek},
title = {Projektowanie i dobieranie zespołów maszyn},
publisher = {Instytut Technologii Eksploatacji - Państwowy Instytut Badawczy},
year = {2005},
address = {Radom},
number = {str. 8},
langid = {polish},
}

@manual{stAkcel,
	organization = {Promotional Material},
	year = {2016},
	title = {{MEMS and Sensors - Smart Motion tracking, IoT and enhanced user experience}},
	author = {Stmicroelectronics},

	langid = {english},
}

@misc{graba,
author = {Grabowski, Piotr},
title = {Zbiór zadań z teorii sterowania - Zagadnienie realizacji number},
transmitancji = {pkt. 4.2 - Zagadnienie realizacji transmitancji},
langid = {polish},
}

@misc{charakterystykaAmp,
  author = {Kamenetsky, Max},
  title = {{First order lowpass filter - źródło grafiki}},
  howpublished = "\url{https://web.stanford.edu/~boyd/ee102/conv_demo.pdf}",
}

@manual{stGyro,
	organization = {StMicroelectronics},
	year = {2010},
	title = {{Everything about STMicroelectronics’ 3-axis digital MEMS gyroscopes}},
        howpublished = "\url{http://www.st.com/content/st_com/en/products/mems-and-sensors/gyroscopes/l3g4200d.html}",
	author = {StMicroelectronics},

	langid = {english},
}

@manual{tiva,
	organization = {Texas Instruments},
	year = {2014},
	title = {{Tiva TM TM4C123GH6PM Microcontroller - Data Sheet}},
	author = {Texas Instruments},

	langid = {english},
}

@manual{Pololu,
	organization = {Pololu Robotics&Electronics},
	title = {{Plolu AltImu10 - webpage specification}},
	author = {Pololu Robotics&Electronics},

	langid = {english},
}

@Book{prata,
author = {Prata, Stephen},
title = {Szkoła programowania Język C},
publisher = {Helion S.A. },
year = {2006},
address = {Gliwice},
number = {str. 23},
langid = {polish},
}

@manual{tivaWork,
	organization = {Texas Instruments},
	year = {2013},
	title = {{Getting Started with the Tiva TM4C123G LaunchPad Workshop}},
	author = {Texas Instruments},
	langid = {english},
}
Cutting-Edge Cycling
@Book{cuttingEdge,
author = {{Allen  Hunter,} {Stephen S. Cheung}},
title = {Cutting-Edge Cycling Advanced training for advanced cyclists.},
publisher = {Human Kinetics},
year = {2012},
number = {str. 190},
langid = {english},
}

@Article{optCadence,
author = {{Chris R. Abbiss,} {Paul Larsen,} {Jeremiah Peiffer}},
title = {Optimal cadence selection during cycling},
journal = {INTERNATIONAL SPORTMED JOURNAL},
year = {2009},
}

@Book{phd,
author = {Reed, Robert},
title = {PhD Thesis - A mathematical model to determine optimum cadence for an individual cyclist using power output, heart rate and cadence data collected in the field},
publisher = {Universtity of Salford},
year = {2013},
address = {Salford},
langid = {english},
}

@Book{iain,
author = {Crouch, Iain},
title = {Optimal gear selection on an automatic bicycle.},
publisher = {Oxford University},
langid = {english},
}

@misc{roadGroupSetWeights,
  author = {thebikelane.com},
  title = {{A Guide to Road Groupset Weights}},
  howpublished = "\url{http://www.thebikelane.com.au/2015/06/2015-road-groupset-weights/}",
  year = {2015}, 
}

@misc{shimanoDuraAce,
  author = {shimano.com},
  title = {{Shimano DURA-ACE R9100 Road Components}},
  howpublished = "\url{http://bike.shimano.com/content/sac-bike/en/home/news-and-info/news/shimano-introduces-new-dura-ace-r9100-road-components--integrate.html}",
  year = {2016}, 
}

@misc{kforce,
  author = {FSA},
  title = {{FSA K-Force WE Drivetrain groupset}},
  howpublished = "\url{we-fsa.com}",
  year = {2016}, 
}

@misc{sramEagle,
  author = {enduro-mtb.com},
  title = {{SRAM Eagle 12-speed Drivetrain announced}},
  howpublished = "\url{http://enduro-mtb.com/en/sram-eagle-12-speed-drivetrain-announced-weights-prices-facts/}",
  year = {2016}, 
}

@misc{shimanoXtr,
  author = {bikeRadar},
  title = {{Shimano XTR Di2 M9050 transmission review}},
  howpublished = "\url{http://www.bikeradar.com/mtb/gear/category/components/groupsets/groupset-mountain/product/review-shimano-xtr-di2-m9050-49849/}",
  year = {2016}, 
}

@misc{sramX5,
  author = {SRAM},
  title = {{X5 Rear Derailleur}},
  howpublished = "\url{https://www.sram.com/sram/mountain/products/x5-rear-derailleur}",
}


